@book{study1,
  title = {Infrared Hand Vein Detection System},
  publisher = {IOSR Journal of Electronics and Communication Engineering (IOSR-JECE)},
  year = {2015},
  author = {Anagha B. Bawase, Pro. Dr. Mrs. S. D. Apte}
}

@book{study2,
  title = {Vein Detection System Using Infrared Light},
  publisher = {International Journal of Scientific and Engineering Research, Volume 6, Issue 12},
  year = {2015},
  author = {Mayur Wadhwani, Abhinandan Deepak Sharma, Aditi Pillai, Nikita Pisal, Dr. Mita Bhowmick}
}

@book{roboVenipuncture,
  title = {Image-Guided Robotics for Autonomous Venipuncture},
  publisher = {Rutgers, The State University of New Jersey},
  year = {2016},
  author = {Alvin I. Chen}
}

@book{comlicationsVeni,
  title = {Complications Occurring from Diagnostic Venipuncture},
  publisher = {J. Fam. Pract},
  year = {1992},
  author = {Galena, H. J. }
}

@book{comlicationsVeni1,
  title = {Intravenous Cannulation: Potential Complications},
  publisher = {Prof. Nurse London Engl.},
  year = {1997},
  author = {Campbell, J. }
}


@book{comlicationsVeni2,
  title = {A. Methods of Obtaining Peripheral Venous Access in Difficult Situations},
  publisher = {Postgrad. Med. J.},
  year = {1999},
  author = {Mbamalu, D. and Banerjee}
}

 
@book{comlicationsVeni3,
  title = {Unintentional Arterial Cannulation During Cephalic Vein Cannulation},
  publisher = {Indian Journal of Anaesthesia},
  year = {2013},
  author = {Vikram M Shivappagoudar and Bindu George}
}

@book{comlicationsVeni4,
  title = {Venipuncture-related Lateral Antebrachial Cutaneous Nerve Injury: What to Know?},
  publisher = {Brazilian Journal of Anesthesiology},
  year = {2014},
  author = {Juan A. Ramos}
}




@book{clinicalPredi,
  title = {Development of a Clinical Prediction Rule to Improve Peripheral Intravenous
Cannulae First Attempt Success in the Emergency Department and Reduce Post Insertion Failure
Rates: the Vascular Access Decisions in the Emergency Room (Vader) Study Protocol},
  publisher = {BMJ Open},
  year = {2016},
  author = {Carr, P. J. et al.}
}


@book{electromagnetic,
  title = {Electromagnetic Radiation},
  publisher = {WILEY-VCH Verlag GmbH and Co. KGaA, Weinheim},
  year = {2009},
  author = {Wendell T. Hill, III}
}


@book{skin,
  title = {The Mechanical Behavior of Skin: Structures and Models for the Finite Element Analysis},
  publisher = {Computers and Structures},
  year = {2017},
  author = {Benítez JM, Montáns FJ.}
}

@book{skin1,
  title = {Light-Based Therapies for Skin of Color},
  publisher = {Springer Dordrecht Heidelberg London New York},
  year = {2009},
  author = {Elma D. Baron}
}

@book{skin2,
  title = {An Introduction to Light Interaction with Human Skin},
  publisher = {RITA, Volume XI, Numero },
  year = {2004},
  author = {Gladimir V. G. Baranoski and Aravind Krishnaswamy }
}

@book{blood,
  title = {Optical Properties of Circulating Human Blood in the Wavelength Range 400–2500 Nm},
  publisher = {Journal of Biomedical Optics},
  year = {1999},
  author = {Andre Roggan and  Moritz Friebel and Klaus Dörschel and Andreas Hahn and Gerhard Müller}
}

@book{opticsOfBlood,
  title = {Optics of Blood},
  publisher = {V. V. Tuchin, Ed., SPIE-Press},
  year = {2002},
  author = {Yaroslavsky and A. N., Priezzhev}
}

@book{opticsOfBlood1,
  title = {Optical Properties of Platelets and Blood Plasma and Their Influence on the Optical Behavior of Whole Blood in the Visible to Near Infrared Wavelength Range},
  publisher = {J. Biomed. Opt},
  year = {2007},
  author = {Friebel, M. and Helfmann, J.}
}


@book{led,
  title = {Basics of Light Emitting Diodes, Characterizations and Applications},
  publisher = {Laser Spectroscopy and Nanomaterials Laboratory
Department of Physics
University of Allahabad},
  author = {Subhash Chandra Singh}
}

@book{otg,
  title = {On-The-Go Supplement to the USB 2.0 Specification},
  publisher = {USB Implementers Forum, Inc. (USB-IF)},
  year = {2006},
}

@book{usb,
  title = {USB 101: An Introduction to Universal Serial Bus 2.0},
  publisher = {Cypress Semiconductor Corporation},
  year = {2017},
  author = {Robert Murphy}
}



@book{ledHeat,
  title = {Estimation the Amount of Heat Generated by LEDs under Different Operating Conditions},
  publisher = {Department of Microelectronics, Technical University of Sofia},
  year = {2016},
  author = {Anna Andonova and Namyong Kim and Nikolay Vakrilov}
}

@book{ledSafety,
  title = {Safety Assessment of Near Infrared Light Emitting Diodes for Diffuse Optical Measurements},
  publisher = {Biomed Eng Online},
  year = {2004},
  author = {Alper Bozkurtcorresponding and Banu Onaral}
}


@book{ledEyeSafety,
  title = {Eye Safety Related to Near Infrared Radiation Exposure to Biometric Devices},
  publisher = {Department of Medical Physics, Medical School, University of Ioannina},
  year = {2010},
  author = {Nikolaos Kourkoumelis and Margaret Tzaphlidou}
}

@book{ledEyeSafe1,
  title = {Risk Assesment of Light Emitting Diodes.},
  publisher = {Journal of Laser Applications},
  year = {1999},
  author = {Horak W}
}
@book{ledEyeSafe2,
  title = {Laser and LED eye hazards: Safety standards.},
  publisher = {Optics and Photonic News},
  year = {1997},
  author = {Sliney DH}
}

@book{ledEyeSafe3,
  title = {Eye Safety of IREDs used in Lamp Applications, Application Note},
  publisher = {OSRAM Opto Semiconductors GmbH},
  year = {2016},
}


@book{camerafi,
  title = {CameraFi Supported Devices},
  publisher = {http://www.camerafi.com/supported-devices},

}


@book{uvc,
  title = {USB Device Class Definition for Video Devices},
  publisher = {USB Implementers Forum},
  year = {2005}
}

@book{uvcCamera,
  title = {UVCCamera},
  publisher = {https://github.com/saki4510t/UVCCamera},
  year = {2017},
  author = {saki, t\_saki@serenegiant.com}
}

@book{openGl,
  title = {OpenGL R ES Version 3.2},
  publisher = {The Khronos Group Inc.},
  year = {2018},
  author = {Jon Leech}
}


@book{openCv,
  title = {Learning OpenCV},
  publisher = {O’Reilly Media, Inc.},
  year = {2008},
  author = {Gary Bradski and Adrian Kaehler}
}

@book{openCv1,
  title = {OpenCV 2.4.13.7 Documentation },
  year = {2018},
  author = {Opencv Dev Team}
}



@book{cpp,
  title = {Practical C++ Programming},
  publisher = {O’Reilly and Associates, Inc.},
  year = {1995},
  author = {Steve Oualline}
}

@book{tatto,
  title = {The Identification of Tattoo Designs Under Cover-up Tattoos Using Digital Infrared Photography},
  publisher = {Research Group, University of Derby},
  author = {Bryson, D. Wright, J. and Barker,	K.}
}

@book{imageProcessing,
  title = {Fundamentals of Image Processing},
  publisher = {Delft University of Technology},
  year = {2007},
  author = {Ian T. Young and Jan J. Gerbrands and Lucas J. van Vliet}
}

@book{machineLearning,
  title = {Understanding Machine Learning: From Theory to Algorithms},
  publisher = {Cambridge University Press},
  year = {2014},
  author = {Shai Shalev-Shwartz and Shai Ben-David}
}

@book{objectLocal,
  title = {Active Object Localization with Deep Reinforcement Learning},
  publisher = {University of Illinois and Konrad Lorenz University},
  author = {Juan C. Caicedo and Svetlana Lazebnik}
}

@book{faceLocal,
  title = {Face Localization},
  publisher = {University of Bonn},
  year = {2003},
  author = {Sven Behnke}
}

@book{imageSeg,
  title = {Image Segmentation by Using Thresholding Techniques for Medical Images},
  publisher = {Computer Science and Engineering: An International Journal },
  year = {2016},
  author = {Senthilkumaran N and Vaithegi S}
}

@book{hough,
  title = {A Survey on Hough Transform, Theory, Techniques and Applications},
  publisher = {Informatics Department, Electronics Research Institute, Egypt},
  author = {Allam Shehata Hassanein and Sherien Mohammad and Mohamed Sameer and Mohammad Ehab Ragab}
}

@book{laplace,
  title = {Introduction to Laplace Transforms for Engineers},
  publisher = {School of Mathematics, Manchester University},
  author = {C.T.J. Dodson}
}


@book{ndk,
  title = {Pro Android C++ with the NDK},
  publisher = {Apress},
  year = {2012},
  author = {Onur Cinar}
}


@book{skinTypes,
  title = {Human Skin Detection in the Visible and Near Infrared},
  publisher = {Applied Optics},
  year = {2015},
  author = {Michael J. Mendenhall and Abel S. Nunez  and Richard K. Martin}
}


@book{skinCancer,
  title = {Towards Non-Invasive Screening of Skin Lesions by NearInfrared Spectroscopy},
  publisher = {The Society for Investigative Dermatology, Inc},
  year = {2001},
  author = {Laura M. McIntosh and Randy Summers and Michael Jackson and Henry H. Mantsch and James R. Mansfield and Marilyn Howlett and A. Neil Crowson and and John W. P. Toole}
}


@book{burn,
  title = {Noninvasive Assessment of Burn Wound Severity Using Optical Technology: A Review of Current and Future Modalities},
  publisher = {Elsevier Ltd and ISBI.},
  year = {2010},
  author = {Meghann Kaiser a and Amr Yafi b and Marianne Cinat a and Bernard Choi b and Anthony J. Durkin b}
}




